<record><leader>00000cas a22000007a 4500</leader><controlfield tag="001">10728273</controlfield><controlfield tag="008">840514d19221953njudr ne      0    0eng  </controlfield><datafield ind1=" " ind2=" " tag="010"><subfield code="a">sn 84020383 </subfield></datafield><datafield ind1=" " ind2=" " tag="040"><subfield code="a">DLC</subfield><subfield code="b">eng</subfield><subfield code="c">DLC</subfield><subfield code="d">NYS</subfield><subfield code="d">OCLCQ</subfield></datafield><datafield ind1=" " ind2=" " tag="042"><subfield code="a">msc</subfield></datafield><datafield ind1="0" ind2="0" tag="050"><subfield code="a">Newspaper 7002</subfield></datafield><datafield ind1="0" ind2=" " tag="130"><subfield code="a">Atlantic City evening union (Atlantic City, N.J. : 1922)</subfield></datafield><datafield ind1="1" ind2="0" tag="245"><subfield code="a">Atlantic City evening union.</subfield></datafield><datafield ind1=" " ind2=" " tag="260"><subfield code="a">Atlantic City, N.J. :</subfield><subfield code="b">Press-Union Pub. Co.</subfield></datafield><datafield ind1=" " ind2=" " tag="300"><subfield code="a">v. :</subfield><subfield code="b">ill. ;</subfield><subfield code="c">63 cm.</subfield></datafield><datafield ind1=" " ind2=" " tag="310"><subfield code="a">Daily</subfield></datafield><datafield ind1="1" ind2=" " tag="362"><subfield code="a">Began with Jan. 16, 1922 issue; ceased with May 2, 1953 issue.</subfield><subfield code="z">Cf. Directory of N.J. newspapers, 1977.</subfield></datafield><datafield ind1=" " ind2=" " tag="500"><subfield code="a">"Independent." Cf. Ayer, 1953.</subfield></datafield><datafield ind1=" " ind2=" " tag="588"><subfield code="a">Description based on: Vol. 71, no. 79 (Jan. 21, 1941).</subfield></datafield><datafield ind1=" " ind2=" " tag="752"><subfield code="a">United States</subfield><subfield code="b">New Jersey</subfield><subfield code="c">Atlantic</subfield><subfield code="d">Atlantic City.</subfield></datafield><datafield ind1="0" ind2="0" tag="780"><subfield code="t">Evening union (Atlantic City, N.J.)</subfield></datafield><datafield ind1="0" ind2="4" tag="785"><subfield code="t">Atlantic City press</subfield><subfield code="w">(DLC)sn 84020384</subfield><subfield code="g">May 1953</subfield></datafield><datafield ind1="1" ind2=" " tag="029"><subfield code="a">AU@</subfield><subfield code="b">000025809252</subfield></datafield></record>